<?xml version="1.0" encoding="UTF-8"?><record xmlns="http://www.loc.gov/MARC21/slim" xmlns:cinclude="http://apache.org/cocoon/include/1.0" xmlns:zs="http://www.loc.gov/zing/srw/">
  <leader>00845nz  a2200241n  4500</leader>
  <controlfield tag="001">no2011094051</controlfield>
  <controlfield tag="003">DLC</controlfield>
  <controlfield tag="005">20110618075330.0</controlfield>
  <controlfield tag="008">110616n| acabbaaan          |b aaa     c</controlfield>
  <datafield tag="010" ind1=" " ind2=" ">
    <subfield code="a">no2011094051</subfield>
  </datafield>
  <datafield tag="035" ind1=" " ind2=" ">
    <subfield code="a">(OCoLC)oca08889569</subfield>
  </datafield>
  <datafield tag="040" ind1=" " ind2=" ">
    <subfield code="a">NNC</subfield>
    <subfield code="b">eng</subfield>
    <subfield code="c">NNC</subfield>
  </datafield>
  <datafield tag="100" ind1="1" ind2=" ">
    <subfield code="a">Zhang, Chengzhi,</subfield>
    <subfield code="d">1948-</subfield>
    <subfield code="t">Essays.</subfield>
    <subfield code="k">Selections.</subfield>
    <subfield code="f">2008</subfield>
  </datafield>
  <datafield tag="400" ind1="1" ind2=" ">
    <subfield code="a">Zhang, Chengzhi,</subfield>
    <subfield code="d">1948-</subfield>
    <subfield code="t">Zhang Chengzhi san wen jing xuan.</subfield>
    <subfield code="f">2008</subfield>
  </datafield>
  <datafield tag="400" ind1="1" ind2=" ">
    <subfield code="a">张承志,</subfield>
    <subfield code="d">1948-</subfield>
    <subfield code="t">Essays.</subfield>
    <subfield code="k">Selections.</subfield>
    <subfield code="f">2008</subfield>
  </datafield>
  <datafield tag="430" ind1=" " ind2="0">
    <subfield code="a">Zhang Chengzhi san wen jing xuan.</subfield>
    <subfield code="f">2008</subfield>
  </datafield>
  <datafield tag="430" ind1=" " ind2="0">
    <subfield code="a">张承志散文精选.</subfield>
    <subfield code="f">2008</subfield>
  </datafield>
  <datafield tag="643" ind1=" " ind2=" ">
    <subfield code="a">Beijing</subfield>
    <subfield code="b">Zhong xin chu ban she</subfield>
  </datafield>
  <datafield tag="644" ind1=" " ind2=" ">
    <subfield code="a">f</subfield>
    <subfield code="5">NNC</subfield>
  </datafield>
  <datafield tag="645" ind1=" " ind2=" ">
    <subfield code="a">t</subfield>
    <subfield code="5">DPCC</subfield>
    <subfield code="5">NNC</subfield>
  </datafield>
  <datafield tag="646" ind1=" " ind2=" ">
    <subfield code="a">s</subfield>
    <subfield code="5">NNC</subfield>
  </datafield>
  <datafield tag="667" ind1=" " ind2=" ">
    <subfield code="a">Non-Latin script references not evaluated</subfield>
  </datafield>
  <datafield tag="670" ind1=" " ind2=" ">
    <subfield code="a">Qing jie de jing shen, 2008:</subfield>
    <subfield code="b">t.p. (张承志散文精选 = Zhang Chengzhi san wen jing xuan)</subfield>
  </datafield>
</record>